@article{EXAMPLE,
    author = "Bosch, Peter and Briel, Max and van Urk, Max",
    title = "{Direct detection of dark matter}",
    year = "2018",
}

@misc{PhysOrg,
    author = "Hamilton, Eric",
    title = "{Dark matter detection receives 10-ton upgrade}",
    year = "2017",
    note = "\href{https://phys.org/news/2017-03-dark-ton.html}{https://phys.org/news/2017-03-dark-ton.html}"
}

@misc{PhysWorld,
    author = "Tesh, Sarah",
    title = "{Dark-matter constraints tightened after LUX no-shows}",
    year = "2017",
    note = "\href{https://physicsworld.com/a/dark-matter-constraints-tightened-after-lux-no-shows/}{https://physicsworld.com/a/dark-matter-constraints-tightened-after-lux-no-shows/}"
}

@misc{SJTU,
    author = "Shanghai Jiao Tong University",
    title = "{PandaX: Particle and Astrophysical Xenon Experiments}",
    note = "\href{https://pandax.sjtu.edu.cn/}{https://pandax.sjtu.edu.cn/}"
}

@misc{Perdue,
    author = "Lang, Rafael",
    title = "Construction started",
    year = "2011",
    note = "\href{http://www.physics.purdue.edu/darkmatters/xenon1t/?p=192}{http://www.physics.purdue.edu/darkmatters/xenon1t/?p=192}"
}

@article{Aprile:2018dbl,
      author         = "Aprile, E. and others",
      title          = "{Dark Matter Search Results from a One Tonne$\times$Year
                        Exposure of XENON1T}",
      collaboration  = "XENON",
      year           = "2018",
      eprint         = "1805.12562",
      archivePrefix  = "arXiv",
      primaryClass   = "astro-ph.CO",
      SLACcitation   = "%%CITATION = ARXIV:1805.12562;%%"
}

@article{Undagoitia:2015gya,
      author         = "Marrodán Undagoitia, Teresa and Rauch, Ludwig",
      title          = "{Dark matter direct-detection experiments}",
      journal        = "J. Phys.",
      volume         = "G43",
      year           = "2016",
      number         = "1",
      pages          = "013001",
      doi            = "10.1088/0954-3899/43/1/013001",
      eprint         = "1509.08767",
      archivePrefix  = "arXiv",
      primaryClass   = "physics.ins-det",
      SLACcitation   = "%%CITATION = ARXIV:1509.08767;%%"
}

@article{Cerdeno:2010jj,
      author         = "Cerdeno, David G. and Green, Anne M.",
      title          = "{Direct detection of WIMPs}",
      year           = "2010",
      pages          = "347-369",
      eprint         = "1002.1912",
      archivePrefix  = "arXiv",
      primaryClass   = "astro-ph.CO",
      reportNumber   = "FTUAM-10-02, IFT-UAM-CSIC-10-07",
      SLACcitation   = "%%CITATION = ARXIV:1002.1912;%%"
}

@article{Kavanagh:2014rya,
      author         = "Kavanagh, Bradley J. and Fornasa, Mattia and Green, Anne
                        M.",
      title          = "{Probing WIMP particle physics and astrophysics with
                        direct detection and neutrino telescope data}",
      journal        = "Phys. Rev.",
      volume         = "D91",
      year           = "2015",
      number         = "10",
      pages          = "103533",
      doi            = "10.1103/PhysRevD.91.103533",
      eprint         = "1410.8051",
      archivePrefix  = "arXiv",
      primaryClass   = "astro-ph.CO",
      reportNumber   = "SACLAY-T14-179",
      SLACcitation   = "%%CITATION = ARXIV:1410.8051;%%"
}

@article{Liu:2017drf,
      author         = "Liu, Jianglai and Chen, Xun and Ji, Xiangdong",
      title          = "{Current status of direct dark matter detection
                        experiments}",
      journal        = "Nature Phys.",
      volume         = "13",
      year           = "2017",
      number         = "3",
      pages          = "212-216",
      doi            = "10.1038/nphys4039",
      eprint         = "1709.00688",
      archivePrefix  = "arXiv",
      primaryClass   = "astro-ph.CO",
      SLACcitation   = "%%CITATION = ARXIV:1709.00688;%%"
}

@article{Lewin:1995rx,
      author         = "Lewin, J. D. and Smith, P. F.",
      title          = "{Review of mathematics, numerical factors, and
                        corrections for dark matter experiments based on elastic
                        nuclear recoil}",
      journal        = "Astropart. Phys.",
      volume         = "6",
      year           = "1996",
      pages          = "87-112",
      doi            = "10.1016/S0927-6505(96)00047-3",
      reportNumber   = "RAL-TR-95-024",
      SLACcitation   = "%%CITATION = APHYE,6,87;%%"
}

@article{Akerib:2018lyp,
      author         = "Akerib, D. S. and others",
      title          = "{Projected WIMP Sensitivity of the LUX-ZEPLIN (LZ) Dark
                        Matter Experiment}",
      collaboration  = "LUX-ZEPLIN",
      year           = "2018",
      eprint         = "1802.06039",
      archivePrefix  = "arXiv",
      primaryClass   = "astro-ph.IM",
      reportNumber   = "FERMILAB-PUB-18-054-AE-PPD",
      SLACcitation   = "%%CITATION = ARXIV:1802.06039;%%"
}

@article{Roszkowski:2017nbc,
      author         = "Roszkowski, Leszek and Sessolo, Enrico Maria and Trojanowski, Sebastian",
      title          = "{WIMP dark matter candidates and searches—current status and future prospects}",
      journal        = "Rept. Prog. Phys.",
      volume         = "81",
      year           = "2018",
      number         = "6",
      pages          = "066201",
      doi            = "10.1088/1361-6633/aab913",
      eprint         = "1707.06277",
      archivePrefix  = "arXiv",
      primaryClass   = "hep-ph",
      reportNumber   = "UCI-HEP-TR-2017-09, DO-TH-17-15, UCI-HEP-TR-2017-09-",
      SLACcitation   = "%%CITATION = ARXIV:1707.06277;%%"
}

@article{Queiroz:2017kxt,
      author         = "Queiroz, Farinaldo S.",
      title          = "{WIMP Theory Review}",
      booktitle      = "{Proceedings, 2017 European Physical Society Conference
                        on High Energy Physics (EPS-HEP 2017): Venice, Italy, July
                        5-12, 2017}",
      journal        = "PoS",
      volume         = "EPS-HEP2017",
      year           = "2017",
      pages          = "080",
      doi            = "10.22323/1.314.0080",
      eprint         = "1711.02463",
      archivePrefix  = "arXiv",
      primaryClass   = "hep-ph",
      SLACcitation   = "%%CITATION = ARXIV:1711.02463;%%"
}

@article{Miao:2013sqa,
      author         = "Miao, Sen and Shan, Chung-Lin and Zhou, Yu-Feng",
      title          = "{Model-Independent Identification of Inelastic WIMPs from
                        Direct Dark Matter Detection Experiments}",
      journal        = "Int. J. Mod. Phys.",
      volume         = "A29",
      year           = "2014",
      pages          = "1450014",
      doi            = "10.1142/S0217751X14500146",
      eprint         = "1303.1345",
      archivePrefix  = "arXiv",
      primaryClass   = "hep-ph",
      SLACcitation   = "%%CITATION = ARXIV:1303.1345;%%"
}

@article{Ellis:1988nb,
      author         = "Ellis, John R. and Flores, R. A. and Lewin, J. D.",
      title          = "{Rates for Inelastic Nuclear Excitation by Dark Matter
                        Particles}",
      journal        = "Phys. Lett.",
      volume         = "B212",
      year           = "1988",
      pages          = "375-380",
      doi            = "10.1016/0370-2693(88)91332-9",
      reportNumber   = "CERN-TH-5040/88",
      SLACcitation   = "%%CITATION = PHLTA,B212,375;%%"
}

@article{Baudis:2013bba,
      author         = "Baudis, L. and Kessler, G. and Klos, P. and Lang, R. F.
                        and Menéndez, J. and Reichard, S. and Schwenk, A.",
      title          = "{Signatures of Dark Matter Scattering Inelastically Off
                        Nuclei}",
      journal        = "Phys. Rev.",
      volume         = "D88",
      year           = "2013",
      number         = "11",
      pages          = "115014",
      doi            = "10.1103/PhysRevD.88.115014",
      eprint         = "1309.0825",
      archivePrefix  = "arXiv",
      primaryClass   = "astro-ph.CO",
      SLACcitation   = "%%CITATION = ARXIV:1309.0825;%%"
}

@misc{Liu2015,
author = {Liu, Jianglai},
pages = {1--33},
title = {{The PandaX Experiment and the Results from the Full Exposure of PandaX-I}},
url = {http://www.taup-conference.to.infn.it/2015/day2/parallel/dma/1{\_}liu.pdf},
year = {2015}
}

@article{Cui:2017nnn,
      author         = "Cui, Xiangyi and others",
      title          = "{Dark Matter Results From 54-Ton-Day Exposure of
                        PandaX-II Experiment}",
      collaboration  = "PandaX-II",
      journal        = "Phys. Rev. Lett.",
      volume         = "119",
      year           = "2017",
      number         = "18",
      pages          = "181302",
      doi            = "10.1103/PhysRevLett.119.181302",
      eprint         = "1708.06917",
      archivePrefix  = "arXiv",
      primaryClass   = "astro-ph.CO",
      SLACcitation   = "%%CITATION = ARXIV:1708.06917;%%"
}

@article{Reich2013,
author = {Reich, Eugenie Samuel},
doi = {10.1038/494291a},
issn = {00280836},
journal = {Nature},
number = {7437},
pages = {291--292},
pmid = {23426301},
title = {{Dark-matter hunt gets deep}},
url = {https://www.nature.com/polopoly{\_}fs/1.12455!/menu/main/topColumns/topLeftColumn/pdf/494291a.pdf},
volume = {494},
year = {2013}
}

@article{Akerib:2012ys,
      author         = "Akerib, D. S. and others",
      title          = "{The Large Underground Xenon (LUX) Experiment}",
      collaboration  = "LUX",
      journal        = "Nucl. Instrum. Meth.",
      volume         = "A704",
      year           = "2013",
      pages          = "111-126",
      doi            = "10.1016/j.nima.2012.11.135",
      eprint         = "1211.3788",
      archivePrefix  = "arXiv",
      primaryClass   = "physics.ins-det",
      SLACcitation   = "%%CITATION = ARXIV:1211.3788;%%"
}

@article{Akerib:2016vxi,
      author         = "Akerib, D. S. and others",
      title          = "{Results from a search for dark matter in the complete
                        LUX exposure}",
      collaboration  = "LUX",
      journal        = "Phys. Rev. Lett.",
      volume         = "118",
      year           = "2017",
      number         = "2",
      pages          = "021303",
      doi            = "10.1103/PhysRevLett.118.021303",
      eprint         = "1608.07648",
      archivePrefix  = "arXiv",
      primaryClass   = "astro-ph.CO",
      SLACcitation   = "%%CITATION = ARXIV:1608.07648;%%"
}

@article{Aalbers:2016jon,
      author         = "Aalbers, J. and others",
      title          = "{DARWIN: towards the ultimate dark matter detector}",
      collaboration  = "DARWIN",
      journal        = "JCAP",
      volume         = "1611",
      year           = "2016",
      pages          = "017",
      doi            = "10.1088/1475-7516/2016/11/017",
      eprint         = "1606.07001",
      archivePrefix  = "arXiv",
      primaryClass   = "astro-ph.IM",
      SLACcitation   = "%%CITATION = ARXIV:1606.07001;%%"
}

@article{Starkman:1994gf,
      author         = "Starkman, Glenn D. and Spergel, David N.",
      title          = "{A New technique for detecting supersymmetric dark
                        matter}",
      journal        = "Phys. Rev. Lett.",
      volume         = "74",
      year           = "1995",
      pages          = "2623-2625",
      doi            = "10.1103/PhysRevLett.74.2623",
      eprint         = "hep-ph/9409275",
      archivePrefix  = "arXiv",
      primaryClass   = "hep-ph",
      reportNumber   = "CITA-94-42",
      SLACcitation   = "%%CITATION = HEP-PH/9409275;%%"
}

@article{TuckerSmith:2001hy,
      author         = "Tucker-Smith, David and Weiner, Neal",
      title          = "{Inelastic dark matter}",
      journal        = "Phys. Rev.",
      volume         = "D64",
      year           = "2001",
      pages          = "043502",
      doi            = "10.1103/PhysRevD.64.043502",
      eprint         = "hep-ph/0101138",
      archivePrefix  = "arXiv",
      primaryClass   = "hep-ph",
      reportNumber   = "UCB-PTH-00-43, LBNL-47234, UW-PT-00-17",
      SLACcitation   = "%%CITATION = HEP-PH/0101138;%%"
}

@article{TuckerSmith:2004jv,
      author         = "Tucker-Smith, David and Weiner, Neal",
      title          = "{The Status of inelastic dark matter}",
      journal        = "Phys. Rev.",
      volume         = "D72",
      year           = "2005",
      pages          = "063509",
      doi            = "10.1103/PhysRevD.72.063509",
      eprint         = "hep-ph/0402065",
      archivePrefix  = "arXiv",
      primaryClass   = "hep-ph",
      reportNumber   = "UW-PT-04-01",
      SLACcitation   = "%%CITATION = HEP-PH/0402065;%%"
}

@article{Bahcall:2004pz,
      author         = "Bahcall, John N. and Serenelli, Aldo M. and Basu,
                        Sarbani",
      title          = "{New solar opacities, abundances, helioseismology, and
                        neutrino fluxes}",
      journal        = "Astrophys. J.",
      volume         = "621",
      year           = "2005",
      pages          = "L85-L88",
      doi            = "10.1086/428929",
      eprint         = "astro-ph/0412440",
      archivePrefix  = "arXiv",
      primaryClass   = "astro-ph",
      SLACcitation   = "%%CITATION = ASTRO-PH/0412440;%%"
}

@article{Gaisser:2011zz,
      author         = "Gaisser, Thomas K.",
      title          = "{Atmospheric neutrinos}",
      booktitle      = "{Neutrino physics and astrophysics. Proceedings, 22nd
                        International Conference, Neutrino 2006, Santa Fe, USA,
                        June 13-19, 2006}",
      journal        = "Nucl. Phys. Proc. Suppl.",
      volume         = "221",
      year           = "2011",
      pages          = "85-89",
      doi            = "10.1016/j.nuclphysbps.2011.03.099",
      SLACcitation   = "%%CITATION = NUPHZ,221,85;%%"
}

@article{Beacom:2010kk,
      author         = "Beacom, John F.",
      title          = "{The Diffuse Supernova Neutrino Background}",
      journal        = "Ann. Rev. Nucl. Part. Sci.",
      volume         = "60",
      year           = "2010",
      pages          = "439-462",
      doi            = "10.1146/annurev.nucl.010909.083331",
      eprint         = "1004.3311",
      archivePrefix  = "arXiv",
      primaryClass   = "astro-ph.HE",
      SLACcitation   = "%%CITATION = ARXIV:1004.3311;%%"
}

@article{Aprile:2017ngb,
      author         = "Aprile, E. and others",
      title          = "{Search for WIMP Inelastic Scattering off Xenon Nuclei
                        with XENON100}",
      collaboration  = "XENON",
      journal        = "Phys. Rev.",
      volume         = "D96",
      year           = "2017",
      number         = "2",
      pages          = "022008",
      doi            = "10.1103/PhysRevD.96.022008",
      eprint         = "1705.05830",
      archivePrefix  = "arXiv",
      primaryClass   = "hep-ex",
      SLACcitation   = "%%CITATION = ARXIV:1705.05830;%%"
}

@article{Aprile:2011ts,
      author         = "Aprile, E. and others",
      title          = "{Implications on Inelastic Dark Matter from 100 Live Days
                        of XENON100 Data}",
      collaboration  = "XENON100",
      journal        = "Phys. Rev.",
      volume         = "D84",
      year           = "2011",
      pages          = "061101",
      doi            = "10.1103/PhysRevD.84.061101",
      eprint         = "1104.3121",
      archivePrefix  = "arXiv",
      primaryClass   = "astro-ph.CO",
      SLACcitation   = "%%CITATION = ARXIV:1104.3121;%%"
}

@article{Arrenberg:2011zz,
      author         = "Arrenberg, Sebastian",
      title          = "{Search for inelastic dark matter with the CDMS
                        experiment}",
      booktitle      = "{Proceedings, 8th International Workshop on The
                        identification of dark matter (IDM 2010): Montpellier,
                        France, July 26-30, 2010}",
      collaboration  = "CDMS",
      journal        = "PoS",
      volume         = "IDM2010",
      year           = "2011",
      pages          = "021",
      SLACcitation   = "%%CITATION = POSCI,IDM2010,021;%%"
}

@article{Agnese:2018col,
      author         = "Agnese, R. and others",
      title          = "{First Dark Matter Constraints from SuperCDMS
                        Single-Charge Sensitive Detectors}",
      collaboration  = "SuperCDMS",
      journal        = "Submitted to: Phys. Rev. Lett.",
      year           = "2018",
      eprint         = "1804.10697",
      archivePrefix  = "arXiv",
      primaryClass   = "hep-ex",
      reportNumber   = "FERMILAB-PUB-18-150-AE",
      SLACcitation   = "%%CITATION = ARXIV:1804.10697;%%"
}

@article{Akimov:2010vk,
      author         = "Akimov, D. {\relax Yu}. and others",
      title          = "{Limits on inelastic dark matter from ZEPLIN-III}",
      collaboration  = "ZEPLIN-III",
      journal        = "Phys. Lett.",
      volume         = "B692",
      year           = "2010",
      pages          = "180-183",
      doi            = "10.1016/j.physletb.2010.07.042",
      eprint         = "1003.5626",
      archivePrefix  = "arXiv",
      primaryClass   = "hep-ex",
      SLACcitation   = "%%CITATION = ARXIV:1003.5626;%%"
}

@article{Uchida:2014cnn,
      author         = "Uchida, H. and others",
      title          = "{Search for inelastic WIMP nucleus scattering on
                        $^{129}Xe$ in data from the XMASS-I experiment}",
      collaboration  = "XMASS-I",
      journal        = "PTEP",
      volume         = "2014",
      year           = "2014",
      number         = "6",
      pages          = "063C01",
      doi            = "10.1093/ptep/ptu064",
      eprint         = "1401.4737",
      archivePrefix  = "arXiv",
      primaryClass   = "astro-ph.CO",
      SLACcitation   = "%%CITATION = ARXIV:1401.4737;%%"
}

@article{Finkbeiner:2009ug,
      author         = "Finkbeiner, Douglas P. and Lin, Tongyan and Weiner, Neal",
      title          = "{Inelastic Dark Matter and DAMA/LIBRA: An Experimentum
                        Crucis}",
      journal        = "Phys. Rev.",
      volume         = "D80",
      year           = "2009",
      pages          = "115008",
      doi            = "10.1103/PhysRevD.80.115008",
      eprint         = "0906.0002",
      archivePrefix  = "arXiv",
      primaryClass   = "astro-ph.CO",
      SLACcitation   = "%%CITATION = ARXIV:0906.0002;%%"
}

@article{Ahmed:2008eu,
      author         = "Ahmed, Z. and others",
      title          = "{Search for Weakly Interacting Massive Particles with the
                        First Five-Tower Data from the Cryogenic Dark Matter
                        Search at the Soudan Underground Laboratory}",
      collaboration  = "CDMS",
      journal        = "Phys. Rev. Lett.",
      volume         = "102",
      year           = "2009",
      pages          = "011301",
      doi            = "10.1103/PhysRevLett.102.011301",
      eprint         = "0802.3530",
      archivePrefix  = "arXiv",
      primaryClass   = "astro-ph",
      reportNumber   = "FERMILAB-PUB-08-055-A-E, SLAC-PUB-15989",
      SLACcitation   = "%%CITATION = ARXIV:0802.3530;%%"
}

@article{Chang:2008gd,
      author         = "Chang, Spencer and Kribs, Graham D. and Tucker-Smith,
                        David and Weiner, Neal",
      title          = "{Inelastic Dark Matter in Light of DAMA/LIBRA}",
      journal        = "Phys. Rev.",
      volume         = "D79",
      year           = "2009",
      pages          = "043513",
      doi            = "10.1103/PhysRevD.79.043513",
      eprint         = "0807.2250",
      archivePrefix  = "arXiv",
      primaryClass   = "hep-ph",
      SLACcitation   = "%%CITATION = ARXIV:0807.2250;%%"
}

@article{McCabe:2015eia,
      author         = "McCabe, Christopher",
      title          = "{Prospects for dark matter detection with inelastic
                        transitions of xenon}",
      journal        = "JCAP",
      volume         = "1605",
      year           = "2016",
      number         = "05",
      pages          = "033",
      doi            = "10.1088/1475-7516/2016/05/033",
      eprint         = "1512.00460",
      archivePrefix  = "arXiv",
      primaryClass   = "hep-ph",
      SLACcitation   = "%%CITATION = ARXIV:1512.00460;%%"
}

@article{Bramante:2016rdh,
      author         = "Bramante, Joseph and Fox, Patrick J. and Kribs, Graham D.
                        and Martin, Adam",
      title          = "{Inelastic frontier: Discovering dark matter at high
                        recoil energy}",
      journal        = "Phys. Rev.",
      volume         = "D94",
      year           = "2016",
      number         = "11",
      pages          = "115026",
      doi            = "10.1103/PhysRevD.94.115026",
      eprint         = "1608.02662",
      archivePrefix  = "arXiv",
      primaryClass   = "hep-ph",
      reportNumber   = "FERMILAB-PUB-16-301-T",
      SLACcitation   = "%%CITATION = ARXIV:1608.02662;%%"
}

@article{Essig:2011nj,
      author         = "Essig, Rouven and Mardon, Jeremy and Volansky, Tomer",
      title          = "{Direct Detection of Sub-GeV Dark Matter}",
      journal        = "Phys. Rev.",
      volume         = "D85",
      year           = "2012",
      pages          = "076007",
      doi            = "10.1103/PhysRevD.85.076007",
      eprint         = "1108.5383",
      archivePrefix  = "arXiv",
      primaryClass   = "hep-ph",
      reportNumber   = "SLAC-PUB-14538",
      SLACcitation   = "%%CITATION = ARXIV:1108.5383;%%"
}

@article{Essig:2012yx,
      author         = "Essig, Rouven and Manalaysay, Aaron and Mardon, Jeremy
                        and Sorensen, Peter and Volansky, Tomer",
      title          = "{First Direct Detection Limits on sub-GeV Dark Matter
                        from XENON10}",
      journal        = "Phys. Rev. Lett.",
      volume         = "109",
      year           = "2012",
      pages          = "021301",
      doi            = "10.1103/PhysRevLett.109.021301",
      eprint         = "1206.2644",
      archivePrefix  = "arXiv",
      primaryClass   = "astro-ph.CO",
      reportNumber   = "YITP-SB-01-12",
      SLACcitation   = "%%CITATION = ARXIV:1206.2644;%%"
}

@article{Crisler:2018gci,
      author         = "Crisler, Michael and Essig, Rouven and Estrada, Juan and
                        Fernandez, Guillermo and Tiffenberg, Javier and Sofo haro,
                        Miguel and Volansky, Tomer and Yu, Tien-Tien",
      title          = "{SENSEI: First Direct-Detection Constraints on sub-GeV
                        Dark Matter from a Surface Run}",
      collaboration  = "SENSEI",
      year           = "2018",
      eprint         = "1804.00088",
      archivePrefix  = "arXiv",
      primaryClass   = "hep-ex",
      reportNumber   = "FERMILAB-PUB-18-116-AE-PPD",
      SLACcitation   = "%%CITATION = ARXIV:1804.00088;%%"
}
@article{Agnes:2018oej,
      author         = "Agnes, P. and others",
      title          = "{Constraints on Sub-GeV Dark Matter-Electron Scattering
                        from the DarkSide-50 Experiment}",
      collaboration  = "DarkSide",
      year           = "2018",
      eprint         = "1802.06998",
      archivePrefix  = "arXiv",
      primaryClass   = "astro-ph.CO",
      reportNumber   = "FERMILAB-PUB-18-052-AD-AE-CD-E",
      SLACcitation   = "%%CITATION = ARXIV:1802.06998;%%"
}

@article{Essig:2017kqs,
      author         = "Essig, Rouven and Volansky, Tomer and Yu, Tien-Tien",
      title          = "{New Constraints and Prospects for sub-GeV Dark Matter
                        Scattering off Electrons in Xenon}",
      journal        = "Phys. Rev.",
      volume         = "D96",
      year           = "2017",
      number         = "4",
      pages          = "043017",
      doi            = "10.1103/PhysRevD.96.043017",
      eprint         = "1703.00910",
      archivePrefix  = "arXiv",
      primaryClass   = "hep-ph",
      reportNumber   = "CERN-TH-2017-042, YITP-SB-17-09",
      SLACcitation   = "%%CITATION = ARXIV:1703.00910;%%"
}

@article{Foot:2013uxa,
      author         = "Foot, R.",
      title          = "{A dark matter scaling relation from mirror dark matter}",
      journal        = "Phys. Dark Univ.",
      volume         = "5-6",
      year           = "2014",
      pages          = "236-239",
      doi            = "10.1016/j.dark.2014.05.007",
      eprint         = "1303.1727",
      archivePrefix  = "arXiv",
      primaryClass   = "astro-ph.CO",
      SLACcitation   = "%%CITATION = ARXIV:1303.1727;%%"
}

@article{Akerib:2015gmi,
      author         = "Akerib, D. S. and others",
      title          = "{FPGA-based Trigger System for the LUX Dark Matter
                        Experiment}",
      collaboration  = "LUX",
      journal        = "Nucl. Instrum. Meth.",
      volume         = "A818",
      year           = "2016",
      pages          = "57-67",
      doi            = "10.1016/j.nima.2016.02.017",
      eprint         = "1511.03541",
      archivePrefix  = "arXiv",
      primaryClass   = "physics.ins-det",
      SLACcitation   = "%%CITATION = ARXIV:1511.03541;%%"
}
@article{Cerdeno:2013gqa,
      author         = "Cerdeño, D. G. and others",
      title          = "{Complementarity of dark matter direct detection: the
                        role of bolometric targets}",
      journal        = "JCAP",
      volume         = "1307",
      year           = "2013",
      pages          = "028",
      doi            = "10.1088/1475-7516/2013/07/028,
                        10.1088/1475-7516/2013/09/E01",
      note           = "[Erratum: JCAP1309,E01(2013)]",
      eprint         = "1304.1758",
      archivePrefix  = "arXiv",
      primaryClass   = "hep-ph",
      reportNumber   = "IFT-UAM-CSIC-13-032, FTUAM-13-6",
      SLACcitation   = "%%CITATION = ARXIV:1304.1758;%%"
}

@article{Aprile:2013doa,
      author         = "Aprile, E. and others",
      title          = "{Limits on spin-dependent WIMP-nucleon cross sections
                        from 225 live days of XENON100 data}",
      collaboration  = "XENON100",
      journal        = "Phys. Rev. Lett.",
      volume         = "111",
      year           = "2013",
      number         = "2",
      pages          = "021301",
      doi            = "10.1103/PhysRevLett.111.021301",
      eprint         = "1301.6620",
      archivePrefix  = "arXiv",
      primaryClass   = "astro-ph.CO",
      SLACcitation   = "%%CITATION = ARXIV:1301.6620;%%"
}

@misc{APPEC,
    author = "APPEC",
    title = "{XENON1T probes deeper into Dark Matter WIMPs, with 1300 kg of cold Xe atoms}",
    year = "2018",
    note = "\href{http://www.appec.org/news/xenon1t-probes-deeper-into-dark-matter-wimps-with-1300-kg-of-cold-xe-atoms}{http://www.appec.org/news/xenon1t-probes-deeper-into-dark-matter-wimps-with-1300-kg-of-cold-xe-atoms}"
}

@article{Spergel:1987kx,
      author         = "Spergel, David N.",
      title          = "{The Motion of the Earth and the Detection of Wimps}",
      journal        = "Phys. Rev.",
      volume         = "D37",
      year           = "1988",
      pages          = "1353",
      doi            = "10.1103/PhysRevD.37.1353",
      reportNumber   = "IASSNS-AST-87/2",
      SLACcitation   = "%%CITATION = PHRVA,D37,1353;%%"
}

@article{Goodman:1984dc,
      author         = "Goodman, Mark W. and Witten, Edward",
      title          = "{Detectability of Certain Dark Matter Candidates}",
      journal        = "Phys. Rev.",
      volume         = "D31",
      year           = "1985",
      pages          = "3059",
      doi            = "10.1103/PhysRevD.31.3059",
      note           = "[,325(1984)]",
      reportNumber   = "Print-85-0030 (PRINCETON)",
      SLACcitation   = "%%CITATION = PHRVA,D31,3059;%%"
}

@article{Agnes:2015ftt,
      author         = "Agnes, P. and others",
      title          = "{Results from the first use of low radioactivity argon in a dark matter search}",
      collaboration  = "DarkSide",
      journal        = "Phys. Rev.",
      volume         = "D93",
      year           = "2016",
      number         = "8",
      pages          = "081101",
      doi            = "10.1103/PhysRevD.93.081101, 10.1103/PhysRevD.95.069901",
      eprint         = "1510.00702",
      archivePrefix  = "arXiv",
      primaryClass   = "astro-ph.CO",
      reportNumber   = "FERMILAB-PUB-15-436-AE-E",
      SLACcitation   = "%%CITATION = ARXIV:1510.00702;%%"
}

@article{Agnes:2018mon,
      author         = "Agnes, P. and others",
      title          = "{Status and Perspective of the DarkSide Experiment at LNGS}",
      booktitle      = "{Proceedings, 31st Rencontres de Physique de La Vallée d'Aoste (La Thuile): La Thuile, Aosta , Italy, March 5-11, 2017}",
      collaboration  = "DarkSide",
      journal        = "Nuovo Cim.",
      volume         = "C40",
      year           = "2018",
      number         = "5",
      pages          = "164",
      doi            = "10.1393/ncc/i2017-17164-8",
      reportNumber   = "FERMILAB-CONF-17-652-E",
      SLACcitation   = "%%CITATION = NUCIA,C40,164;%%"
}

@article{Edkins:2017qct,
      author         = "Edkins, E. and others",
      title          = "{The DarkSide direct dark matter search with liquid
                        argon}",
      booktitle      = "{Proceedings, Workshop on Neutrino Physics: Session of
                        CETUP* 2016: Lead/Deadwood, South Dakota, USA, Jule 6-July
                        17, 2016}",
      journal        = "AIP Conf. Proc.",
      volume         = "1900",
      year           = "2017",
      number         = "1",
      pages          = "040004",
      doi            = "10.1063/1.5010122",
      SLACcitation   = "%%CITATION = APCPC,1900,040004;%%"
}

@article{Mount:2017qzi,
      author         = "Mount, B. J. and others",
      title          = "{LUX-ZEPLIN (LZ) Technical Design Report}",
      year           = "2017",
      eprint         = "1703.09144",
      archivePrefix  = "arXiv",
      primaryClass   = "physics.ins-det",
      reportNumber   = "LBNL-1007256, FERMILAB-TM-2653-AE-E-PPD",
      SLACcitation   = "%%CITATION = ARXIV:1703.09144;%%"
}

@article{Akerib:2015cja,
      author         = "Akerib, D. S. and others",
      title          = "{LUX-ZEPLIN (LZ) Conceptual Design Report}",
      collaboration  = "LZ",
      year           = "2015",
      eprint         = "1509.02910",
      archivePrefix  = "arXiv",
      primaryClass   = "physics.ins-det",
      reportNumber   = "LBNL-190005, FERMILAB-TM-2621-AE-E-PPD",
      SLACcitation   = "%%CITATION = ARXIV:1509.02910;%%"
}


@article{Vietze:2014vsa,
      author         = "Vietze, L. and Klos, P. and Menéndez, J. and Haxton, W.
                        C. and Schwenk, A.",
      title          = "{Nuclear structure aspects of spin-independent WIMP
                        scattering off xenon}",
      journal        = "Phys. Rev.",
      volume         = "D91",
      year           = "2015",
      number         = "4",
      pages          = "043520",
      doi            = "10.1103/PhysRevD.91.043520",
      eprint         = "1412.6091",
      archivePrefix  = "arXiv",
      primaryClass   = "nucl-th",
      SLACcitation   = "%%CITATION = ARXIV:1412.6091;%%"
}
@article{Helm:1956zz,
      author         = "Helm, Richard H.",
      title          = "{Inelastic and Elastic Scattering of 187-Mev Electrons
                        from Selected Even-Even Nuclei}",
      journal        = "Phys. Rev.",
      volume         = "104",
      year           = "1956",
      pages          = "1466-1475",
      doi            = "10.1103/PhysRev.104.1466",
      SLACcitation   = "%%CITATION = PHRVA,104,1466;%%"
}
@article{Fricke:1995zz,
      author         = "Fricke, G. and Bernhardt, C. and Heilig, K. and Schaller,
                        L. A. and Schellenberg, L. and Shera, E. B. and de Jager,
                        C. W.",
      title          = "{Nuclear Ground State Charge Radii from Electromagnetic
                        Interactions}",
      journal        = "Atom. Data Nucl. Data Tabl.",
      volume         = "60",
      year           = "1995",
      pages          = "177-285",
      doi            = "10.1006/adnd.1995.1007",
      SLACcitation   = "%%CITATION = ADNDA,60,177;%%"
}

@article{Duda:2006uk,
      author         = "Duda, Gintaras and Kemper, Ann and Gondolo, Paolo",
      title          = "{Model Independent Form Factors for Spin Independent
                        Neutralino-Nucleon Scattering from Elastic Electron
                        Scattering Data}",
      journal        = "JCAP",
      volume         = "0704",
      year           = "2007",
      pages          = "012",
      doi            = "10.1088/1475-7516/2007/04/012",
      eprint         = "hep-ph/0608035",
      archivePrefix  = "arXiv",
      primaryClass   = "hep-ph",
      SLACcitation   = "%%CITATION = HEP-PH/0608035;%%"
}

@article{Co:2012adt,
      author         = "Co', G. and De Donno, V. and Anguiano, M. and Lallena, A.
                        M.",
      title          = "{Nuclear proton and neutron distributions in the
                        detection of weak interacting massive particles}",
      journal        = "JCAP",
      volume         = "1211",
      year           = "2012",
      pages          = "010",
      doi            = "10.1088/1475-7516/2012/11/010",
      eprint         = "1211.1787",
      archivePrefix  = "arXiv",
      primaryClass   = "nucl-th",
      SLACcitation   = "%%CITATION = ARXIV:1211.1787;%%"
}
@article{Ressell:1997kx,
      author         = "Ressell, M. T. and Dean, D. J.",
      title          = "{Spin dependent neutralino - nucleus scattering for A
                        approximately 127 nuclei}",
      journal        = "Phys. Rev.",
      volume         = "C56",
      year           = "1997",
      pages          = "535-546",
      doi            = "10.1103/PhysRevC.56.535",
      eprint         = "hep-ph/9702290",
      archivePrefix  = "arXiv",
      primaryClass   = "hep-ph",
      reportNumber   = "MAP-210",
      SLACcitation   = "%%CITATION = HEP-PH/9702290;%%"
}

@article{Toivanen:2009zza,
      author         = "Toivanen, P. and Kortelainen, M. and Suhonen, J. and
                        Toivanen, J.",
      title          = "{Large-scale shell-model calculations of elastic and
                        inelastic scattering rates of lightest supersymmetric
                        particles (LSP) on I-127, Xe-129, Xe-131, and Cs-133
                        nuclei}",
      journal        = "Phys. Rev.",
      volume         = "C79",
      year           = "2009",
      pages          = "044302",
      doi            = "10.1103/PhysRevC.79.044302",
      SLACcitation   = "%%CITATION = PHRVA,C79,044302;%%"
}

@article{Cannoni:2011iu,
      author         = "Cannoni, M.",
      title          = "{On the formalism and upper limits for spin-dependent
                        cross sections in dark matter elastic scattering with
                        nuclei}",
      journal        = "Phys. Rev.",
      volume         = "D84",
      year           = "2011",
      pages          = "095017",
      doi            = "10.1103/PhysRevD.84.095017",
      eprint         = "1108.4337",
      archivePrefix  = "arXiv",
      primaryClass   = "hep-ph",
      SLACcitation   = "%%CITATION = ARXIV:1108.4337;%%"
}

@article{Engel:1989ix,
      author         = "Engel, J. and Vogel, P.",
      title          = "{Spin dependent cross-sections of weakly interacting
                        massive particles on nuclei}",
      journal        = "Phys. Rev.",
      volume         = "D40",
      year           = "1989",
      pages          = "3132-3135",
      doi            = "10.1103/PhysRevD.40.3132",
      reportNumber   = "CALT-63-545",
      SLACcitation   = "%%CITATION = PHRVA,D40,3132;%%"
}

@article{Iachello:1990ut,
      author         = "Iachello, Francesco and Krauss, Lawrence M. and Maino,
                        Giuseppe",
      title          = "{Spin Dependent Scattering of Weakly Interacting Massive
                        Particles in Heavy Nuclei}",
      journal        = "Phys. Lett.",
      volume         = "B254",
      year           = "1991",
      pages          = "220-224",
      doi            = "10.1016/0370-2693(91)90424-O",
      reportNumber   = "YCTP-P15-89a",
      SLACcitation   = "%%CITATION = PHLTA,B254,220;%%"
}

@article{Ellis:1987sh,
      author         = "Ellis, John R. and Flores, R. A.",
      title          = "{Realistic Predictions for the Detection of
                        Supersymmetric Dark Matter}",
      journal        = "Nucl. Phys.",
      volume         = "B307",
      year           = "1988",
      pages          = "883-908",
      doi            = "10.1016/0550-3213(88)90111-3",
      reportNumber   = "CERN-TH-4911-87",
      SLACcitation   = "%%CITATION = NUPHA,B307,883;%%"
}

@article{Cerdeno:2012ix,
      author         = "Cerdeno, D. G. and Fornasa, M. and Huh, J. -H. and Peiro,
                        M.",
      title          = "{Nuclear uncertainties in the spin-dependent structure
                        functions for direct dark matter detection}",
      journal        = "Phys. Rev.",
      volume         = "D87",
      year           = "2013",
      number         = "2",
      pages          = "023512",
      doi            = "10.1103/PhysRevD.87.023512",
      eprint         = "1208.6426",
      archivePrefix  = "arXiv",
      primaryClass   = "hep-ph",
      reportNumber   = "FTUAM-12-101, IFT-UAM-CSIC-12-86",
      SLACcitation   = "%%CITATION = ARXIV:1208.6426;%%"
}

@article{Ahlen:2009ev,
      author         = "Ahlen, S. and others",
      title          = "{The case for a directional dark matter detector and the
                        status of current experimental efforts}",
      journal        = "Int. J. Mod. Phys.",
      volume         = "A25",
      year           = "2010",
      pages          = "1-51",
      doi            = "10.1142/S0217751X10048172",
      eprint         = "0911.0323",
      archivePrefix  = "arXiv",
      primaryClass   = "astro-ph.CO",
      SLACcitation   = "%%CITATION = ARXIV:0911.0323;%%"
}

@article{Billard:2013qya,
      author         = "Billard, J. and Strigari, L. and Figueroa-Feliciano, E.",
      title          = "{Implication of neutrino backgrounds on the reach of next
                        generation dark matter direct detection experiments}",
      journal        = "Phys. Rev.",
      volume         = "D89",
      year           = "2014",
      number         = "2",
      pages          = "023524",
      doi            = "10.1103/PhysRevD.89.023524",
      eprint         = "1307.5458",
      archivePrefix  = "arXiv",
      primaryClass   = "hep-ph",
      SLACcitation   = "%%CITATION = ARXIV:1307.5458;%%"
}

@article{Freese:2012xd,
      author         = "Freese, Katherine and Lisanti, Mariangela and Savage,
                        Christopher",
      title          = "{Colloquium: Annual modulation of dark matter}",
      journal        = "Rev. Mod. Phys.",
      volume         = "85",
      year           = "2013",
      pages          = "1561-1581",
      doi            = "10.1103/RevModPhys.85.1561",
      eprint         = "1209.3339",
      archivePrefix  = "arXiv",
      primaryClass   = "astro-ph.CO",
      SLACcitation   = "%%CITATION = ARXIV:1209.3339;%%"
}
@article{ArkaniHamed:2008qn,
      author         = "Arkani-Hamed, Nima and Finkbeiner, Douglas P. and
                        Slatyer, Tracy R. and Weiner, Neal",
      title          = "{A Theory of Dark Matter}",
      journal        = "Phys. Rev.",
      volume         = "D79",
      year           = "2009",
      pages          = "015014",
      doi            = "10.1103/PhysRevD.79.015014",
      eprint         = "0810.0713",
      archivePrefix  = "arXiv",
      primaryClass   = "hep-ph",
      SLACcitation   = "%%CITATION = ARXIV:0810.0713;%%"
}
@article{Fitzpatrick:2012ib,
      author         = "Fitzpatrick, A. Liam and Haxton, Wick and Katz, Emanuel
                        and Lubbers, Nicholas and Xu, Yiming",
      title          = "{Model Independent Direct Detection Analyses}",
      year           = "2012",
      eprint         = "1211.2818",
      archivePrefix  = "arXiv",
      primaryClass   = "hep-ph",
      SLACcitation   = "%%CITATION = ARXIV:1211.2818;%%"
}

@article{Schneck:2015eqa,
      author         = "Schneck, K. and others",
      title          = "{Dark matter effective field theory scattering in direct
                        detection experiments}",
      collaboration  = "SuperCDMS",
      journal        = "Phys. Rev.",
      volume         = "D91",
      year           = "2015",
      number         = "9",
      pages          = "092004",
      doi            = "10.1103/PhysRevD.91.092004",
      eprint         = "1503.03379",
      archivePrefix  = "arXiv",
      primaryClass   = "astro-ph.CO",
      reportNumber   = "IPPP-15-06, DCTP-15-12, FERMILAB-PUB-15-393-AE",
      SLACcitation   = "%%CITATION = ARXIV:1503.03379;%%"
}